<record><leader>00000cas a2200000 a 4500</leader><controlfield tag="001">22939862</controlfield><controlfield tag="008">910109d189519uuiludn ne      0   a0eng c</controlfield><datafield ind1=" " ind2=" " tag="010"><subfield code="a">sn 90054164 </subfield></datafield><datafield ind1=" " ind2=" " tag="040"><subfield code="a">NVF</subfield><subfield code="b">eng</subfield><subfield code="c">NVF</subfield><subfield code="d">NVF</subfield><subfield code="d">OCLCF</subfield><subfield code="d">NVF</subfield><subfield code="d">OCLCO</subfield></datafield><datafield ind1="1" ind2=" " tag="029"><subfield code="a">AU@</subfield><subfield code="b">000020630879</subfield></datafield><datafield ind1=" " ind2=" " tag="042"><subfield code="a">pcc</subfield></datafield><datafield ind1=" " ind2=" " tag="043"><subfield code="a">n-us-il</subfield></datafield><datafield ind1="0" ind2="0" tag="245"><subfield code="a">Morris daily sentinel.</subfield></datafield><datafield ind1="1" ind2=" " tag="246"><subfield code="i">Published as:</subfield><subfield code="a">Women's edition Morris daily sentinel,</subfield><subfield code="f">Mar. 26, 1904</subfield></datafield><datafield ind1=" " ind2=" " tag="260"><subfield code="a">Morris, Ill. :</subfield><subfield code="b">Bucklin &amp; Son</subfield></datafield><datafield ind1="2" ind2=" " tag="260"><subfield code="3">&lt;Jan. 15-May 21, 1900&gt;</subfield><subfield code="a">Morris, Ill. :</subfield><subfield code="b">Bucklin &amp; Hilliker</subfield></datafield><datafield ind1="3" ind2=" " tag="260"><subfield code="3">&lt;Oct. 27, 1905&gt;</subfield><subfield code="a">Morris, Ill. :</subfield><subfield code="b">George M. Bucklin</subfield></datafield><datafield ind1=" " ind2=" " tag="300"><subfield code="a">v.</subfield></datafield><datafield ind1=" " ind2=" " tag="310"><subfield code="a">Daily (except Sunday)</subfield></datafield><datafield ind1="1" ind2=" " tag="362"><subfield code="a">Began in 1895?</subfield></datafield><datafield ind1=" " ind2=" " tag="500"><subfield code="a">"Under the consent of the Morris daily sentinel and the direction of Mrs. WM. Buck, publisher, the Women's edition Morris daily sentinel was published by and for women on Mar. 26, 1904."</subfield></datafield><datafield ind1=" " ind2=" " tag="580"><subfield code="a">Weekly ed.: Grundy County sentinel, &lt;1896-1903&gt;.</subfield></datafield><datafield ind1=" " ind2=" " tag="588"><subfield code="a">Description based on: Vol. 2, no. 14 (Aug. 1, 1896).</subfield></datafield><datafield ind1=" " ind2=" " tag="588"><subfield code="a">Latest issue consulted: Vol. 9, no. 216 (Oct. 27, 1905).</subfield></datafield><datafield ind1=" " ind2="0" tag="650"><subfield code="a">Women</subfield><subfield code="z">Illinois</subfield><subfield code="z">Morris</subfield><subfield code="d">Mar. 26, 1904</subfield><subfield code="v">Newspapers.</subfield></datafield><datafield ind1=" " ind2="0" tag="650"><subfield code="a">Women publishers</subfield><subfield code="z">Illinois</subfield><subfield code="z">Morris</subfield><subfield code="d">Mar. 26, 1904</subfield><subfield code="v">Newspapers.</subfield></datafield><datafield ind1=" " ind2="0" tag="650"><subfield code="a">Women journalists</subfield><subfield code="z">Illinois</subfield><subfield code="z">Morris</subfield><subfield code="d">Mar. 26, 1904</subfield><subfield code="v">Newspapers.</subfield></datafield><datafield ind1=" " ind2="0" tag="651"><subfield code="a">Morris (Ill.)</subfield><subfield code="v">Newspapers.</subfield></datafield><datafield ind1=" " ind2="7" tag="650"><subfield code="a">Women.</subfield><subfield code="2">fast</subfield><subfield code="0">(OCoLC)fst01176568</subfield></datafield><datafield ind1=" " ind2="7" tag="650"><subfield code="a">Women journalists.</subfield><subfield code="2">fast</subfield><subfield code="0">(OCoLC)fst01178072</subfield></datafield><datafield ind1=" " ind2="7" tag="650"><subfield code="a">Women publishers.</subfield><subfield code="2">fast</subfield><subfield code="0">(OCoLC)fst01178443</subfield></datafield><datafield ind1=" " ind2="7" tag="651"><subfield code="a">Illinois</subfield><subfield code="z">Morris.</subfield><subfield code="2">fast</subfield><subfield code="0">(OCoLC)fst01217885</subfield></datafield><datafield ind1=" " ind2="7" tag="655"><subfield code="a">Newspapers.</subfield><subfield code="2">fast</subfield><subfield code="0">(OCoLC)fst01423814</subfield></datafield><datafield ind1=" " ind2=" " tag="752"><subfield code="a">United States</subfield><subfield code="b">Illinois</subfield><subfield code="c">Grundy</subfield><subfield code="d">Morris.</subfield></datafield><datafield ind1="1" ind2=" " tag="775"><subfield code="t">Grundy County sentinel</subfield><subfield code="w">(DLC)sn 90054163</subfield><subfield code="w">(OCoLC)22939806</subfield></datafield></record>